<record><leader>00000cas a22000007a 4500</leader><controlfield tag="001">19539890</controlfield><controlfield tag="008">890412d18511855pauwr ne      0    0eng d</controlfield><datafield ind1=" " ind2=" " tag="010"><subfield code="a">sn 89077123 </subfield></datafield><datafield ind1=" " ind2=" " tag="040"><subfield code="a">NPH</subfield><subfield code="b">eng</subfield><subfield code="c">NPH</subfield><subfield code="d">OCLCQ</subfield></datafield><datafield ind1="0" ind2="4" tag="245"><subfield code="a">The Manheim Whig sentinel.</subfield></datafield><datafield ind1="1" ind2="3" tag="246"><subfield code="a">Whig sentinel</subfield></datafield><datafield ind1=" " ind2=" " tag="260"><subfield code="a">Manheim, Pa. :</subfield><subfield code="b">[s.n.],</subfield><subfield code="c">-1855.</subfield></datafield><datafield ind1=" " ind2=" " tag="300"><subfield code="a">v. :</subfield><subfield code="b">ill. (chiefly advertisements) ;</subfield><subfield code="c">52 cm.</subfield></datafield><datafield ind1=" " ind2=" " tag="310"><subfield code="a">Weekly</subfield></datafield><datafield ind1="1" ind2=" " tag="362"><subfield code="a">Began in 1851?</subfield></datafield><datafield ind1="0" ind2=" " tag="362"><subfield code="a">-v. 10, no. 31 (Dec. 21, 1855).</subfield></datafield><datafield ind1=" " ind2=" " tag="588"><subfield code="a">Description based on: Vol. 6, no. 10 (June 12, 1851).</subfield></datafield><datafield ind1=" " ind2=" " tag="752"><subfield code="a">United States</subfield><subfield code="b">Pennsylvania</subfield><subfield code="c">Lancaster</subfield><subfield code="d">Manheim.</subfield></datafield><datafield ind1="0" ind2="0" tag="780"><subfield code="t">Manheim Whig sentinel and Lancaster County advertiser</subfield><subfield code="w">(DLC)sn 89077122</subfield></datafield><datafield ind1="0" ind2="0" tag="785"><subfield code="t">Manheim sentinel (Manheim, Pa. : 1856)</subfield><subfield code="w">(DLC)sn 86053621</subfield></datafield></record>